% This file was created with JabRef 2.8.1.
% Encoding: UTF8


@misc{silent,
  title        = {Silent Install HQ},
  author       = {Jason Bergner},
  howpublished = {Website},
  note         = {Online erhältlich unter
                  \url{https://silentinstallhq.com};
                  abgerufen am \today }
}

@misc{microsoft,
  title        = {Microsoft Standard Installer Command-Line Optionen},
  author       = {Microsoft},
  howpublished = {Website},
  note         = {Online erhältlich unter
                  \url{https://learn.microsoft.com/de-de/windows/win32/msi/standard-installer-command-line-options};
                  abgerufen am \today }
}

@misc{puppeteer,
  title        = {Puppeteer},
  author       = {Google, Inc.},
  howpublished = {Website},
  note         = {Online erhältlich unter
                  \url{https://pptr.dev};
                  abgerufen am \today }
}

@book{eilam2011reversing,
  title     = {Reversing: secrets of reverse engineering},
  author    = {Eilam, Eldad},
  year      = {2011},
  publisher = {John Wiley \& Sons}
}

@misc{sundqvist2020guidelines,
  title  = {Guidelines to Convert Legacy Applications into Docker Container Services},
  author = {Sundqvist, Albin},
  year   = {2020}
}

@misc{redhat,
  title        = {Containers vs VM},
  author       = {Redhat},
  howpublished = {Website},
  note         = {Online erhältlich unter
                  \url{https://www.redhat.com/de/topics/containers/containers-vs-vms};
                  abgerufen am \today }
}

@misc{dockerbuild,
  title        = {Overview of Docker Build},
  author       = {Docker, Inc.},
  howpublished = {Website},
  note         = {Online erhältlich unter
                  \url{https://docs.docker.com/build/};
                  abgerufen am \today }
}

@book{raj2015learning,
  title     = {Learning Docker},
  author    = {Raj, Pethuru and Chelladhurai, Jeeva S and Singh, Vinod},
  year      = {2015},
  publisher = {Packt Publishing Ltd}
}

@book{feathers2020effektives,
  title     = {Effektives Arbeiten mit Legacy Code: Refactoring und Testen bestehender Software},
  author    = {Feathers, Michael C},
  year      = {2020},
  publisher = {BoD--Books on Demand}
}

